2748 4616
1207 1374 1212 1406 l

166 1459 346 1630 Decem
379 1538 470 1608 sunt
503 1533 615 1624 anni,
643 1501 760 1645 “cum
783 1509 890 1636 pater
917 1505 1014 1608 'mihi
1049 1505 1213 1617 traderet

167 1679 281 1772 opus'
312 1667 450 1759 hocce,
474 1658 476 1666 ¹
502 1665 606 1770 quod
647 1667 745 1766 typis
784 1668 1049 1768 exprimerem,
1103 1645 1212 1747 nulla

166 1818 293 1878 tamen
318 1803 488 1878 nominis
513 1829 573 1876 sur
562 1801 689 1874 facta
702 1799 909 1874 mentione.
937 1799 1052 1900 Operi
1070 1801 1212 1904 quippe
1295 1809 1300 1823 '
1341 1781 1348 1790 ¹

165 1916 351 2010 iaciendo
380 1913 555 2052 incubuit
592 1931 856 2008 dilectissimus
894 1929 1017 2008 Senex
1058 1959 1210 2034 pressus
1244 1957 1245 1964 ’

165 2034 276 2144 malis
301 2084 339 2144 et
353 2059 493 2167 injuria
508 2080 726 2169 temporum
740 2055 991 2166 nostrorum,
1004 2081 1209 2170 postquam
1281 2067 1284 2073 ’

164 2195 213 2276 ab
241 2227 358 2279 anno
391 2196 531 2276 saeculi
563 2198 767 2301 superioris
787 2199 1050 2298 nonagesimo
1089 2226 1211 2303 usque

164 2331 214 2408 ad
237 2333 531 2438 nonagesimum
557 2346 737 2438 quartum
763 2328 836 2404 late
868 2307 936 2430 per
962 2335 1210 2436 Germaniam
1279 2373 1281 2378 ’

162 2461 306 2543 effusae
343 2448 560 2642 temerariae
587 2444 783 2550 ‚libemus
811 2449 1033 2560 (licentiae
1044 2467 1211 2572 potius)

163 2746 279 2833 atque
311 2637 652 2822 defaecatum,
603 2756 689 2807 vere
721 2730 1002 2833 germanicum,
1041 2735 1211 2836 primum

163 2863 405 2964 Mogontiae,
431 2864 520 2942 dein
546 2861 637 2938 alias
650 2858 778 2960 palam
793 2866 1050 2965 opposuisset,
1078 2866 1170 2941 dum
1186 2893 1210 2940 a

137 2987 141 2994 ¹
162 3022 278 3072 scena
303 3012 469 3076 remotus
492 2999 534 3073 in
555 2993 674 3068 literis
694 3008 862 3068 cerneret
877 2996 1014 3070 iterum
1030 3021 1209 3074 curarum
1314 3016 1320 3029 '

162 3124 274 3204 dulce
290 3127 476 3206 lenimen.
502 3129 591 3206 nisu
607 3142 736 3202 tamen
749 3123 881 3202 solo
847 3129 985 3204 urium
1002 3127 1208 3248 delectatus
1275 3142 1279 3151 ‘

161 3259 346 3338 foetum
335 3261 479 3362 ingenii
504 3262 546 3338 in
571 3259 767 3362 publicum
792 3259 944 3362 prodire
969 3261 1096 3337 vetuit.

239 3389 342 3474 Ῑ)ιιιιι
367 3422 456 3470 vero
482 3394 785 3470 retractationem
813 3395 935 3495 operis
962 3395 1010 3470 ad
1036 3423 1206 3496 unguem

159 3527 415 3634 perduxisset„
440 3527 482 3602 in
508 3528 680 3628 animum
696 3527 867 3636 subrepit
878 3529 1083 3604 sententia:
1111 3526 1224 3604 utile·
1330 3545 1333 3552 '

159 3662 317 3751 sore,
285 3689 339 3754 st,
365 3687 463 3762 quae
489 3657 753 3735 oblectationis
772 3685 891 3735 nausa
907 3659 1075 3772 collegit,
1101 3659 1205 3734 anti-

160 3819 384 3912 quorum
370 3789 482 3868 effata
520 3789 667 3887 ethica,
701 3790 984 3894 factorumque
1024 3795 1204 3872 Summae

157 3927 317 4005 breves'
305 3953 347 4002 ιιι
361 3925 556 4040 publicum
568 3908 778 4027 prodirent,
798 3948 973 4028 quaeque
986 3923 1202 4088 saepissime
